<?xml version="1.0" encoding="UTF-8"?><collection xmlns="http://www.loc.gov/MARC21/slim"><record><leader>00492nam--2200181-i-4500</leader><controlfield tag="001">000001435</controlfield><controlfield tag="002">20161230</controlfield><controlfield tag="005">20170302230000</controlfield><controlfield tag="008">060222s1000------------r-----000-0-eng-d</controlfield><datafield ind1=" " ind2=" " tag="020"><subfield code="a">850860237</subfield></datafield><datafield ind1=" " ind2=" " tag="040"><subfield code="a">IFIN-HH</subfield></datafield><datafield ind1=" " ind2=" " tag="080"><subfield code="a">536.7(076):530.161(076)</subfield></datafield><datafield ind1="1" ind2=" " tag="100"><subfield code="a">Landsberg, P. T</subfield></datafield><datafield ind1="1" ind2="0" tag="245"><subfield code="a">Problems in thermodynamics and statistical physics</subfield><subfield code="c">P.T. Landsberg (ed.)</subfield></datafield><datafield ind1=" " ind2=" " tag="260"><subfield code="a">London</subfield><subfield code="b">Pion Limited</subfield><subfield code="c">1971</subfield></datafield><datafield ind1=" " ind2=" " tag="300"><subfield code="a">573 p</subfield></datafield><datafield ind1=" " ind2=" " tag="852"><subfield code="a">37337</subfield><subfield code="c">536.7</subfield></datafield><datafield ind1=" " ind2=" " tag="CAT"><subfield code="a">SYS</subfield><subfield code="c">20170302</subfield><subfield code="h">230000</subfield></datafield></record></collection>